<?xml version="1.0" encoding="UTF-8"?><collection xmlns="http://www.loc.gov/MARC21/slim"><record><leader>00497nam--2200181-i-4500</leader><controlfield tag="001">000013542</controlfield><controlfield tag="002">20161230</controlfield><controlfield tag="005">20161230201030</controlfield><controlfield tag="008">060222s1000------------r-----000-0-eng-d</controlfield><datafield ind1=" " ind2=" " tag="020"><subfield code="a">0444850155</subfield></datafield><datafield ind1=" " ind2=" " tag="040"><subfield code="a">IFIN-HH</subfield></datafield><datafield ind1=" " ind2=" " tag="080"><subfield code="a">538.95</subfield></datafield><datafield ind1="1" ind2=" " tag="100"><subfield code="a">Nabarro, F.R.N</subfield></datafield><datafield ind1="1" ind2="0" tag="245"><subfield code="a">Dislocations in solids</subfield><subfield code="b">Vol.3: moving dislocations</subfield><subfield code="c">F.r.n. nabarro (ed.)</subfield></datafield><datafield ind1=" " ind2=" " tag="260"><subfield code="a">Amsterdam</subfield><subfield code="b">North-holland Publishing Company</subfield><subfield code="c">1980</subfield></datafield><datafield ind1=" " ind2=" " tag="300"><subfield code="a">353P</subfield></datafield><datafield ind1=" " ind2=" " tag="852"><subfield code="a">47005</subfield><subfield code="c">539.2</subfield></datafield><datafield ind1=" " ind2=" " tag="CAT"><subfield code="a">Sys</subfield><subfield code="c">20121030</subfield><subfield code="h">165158</subfield></datafield></record></collection>